@PhdThesis{keller13,
  author =       {Chantal Keller},
  title =        {{A Matter of Trust: Skeptical Communication Between Coq and External Provers}},
  school =       {Ã‰cole Polytechnique},
  year =         {2013},
  month =        {June}
}

@MISC{smtlib,
  author =	 {Clark Barrett and Aaron Stump and Cesare Tinelli},
  title =	 {{The Satisfiability Modulo Theories Library (SMT-LIB)}},
  howpublished = {{\tt www.SMT-LIB.org}},
  year =	 {2010}
}


@UNPUBLISHED{appelnote,
   title = {Connecting VST to CVC4 through SMTCoq},
   author = {Andrew Appel and Clark Barrett and Cesare Tinelli},
   note = {unpublished},
   year = {2015}
   }